@article{Hansen1983evaluation,
  title={An evaluation of model-dependent and probability-sampling inferences in sample surveys},
  author={Hansen, Morris H and Madow, William G and Tepping, Benjamin J},
  journal={Journal of the American Statistical Association},
  volume={78},
  number={384},
  pages={776--793},
  year={1983},
  publisher={Taylor \& Francis Group}
}

@article{Brus1997random,
  title={Random sampling or geostatistical modelling? Choosing between design-based and model-based sampling strategies for soil (with discussion)},
  author={Brus, DJ and De Gruijter, JJ},
  journal={Geoderma},
  volume={80},
  number={1-2},
  pages={1--44},
  year={1997},
  publisher={Elsevier}
}

@article{VerHoef2002sampling,
  title={Sampling and geostatistics for spatial data},
  author={Ver Hoef, Jay},
  journal={Ecoscience},
  volume={9},
  number={2},
  pages={152--161},
  year={2002},
  publisher={Taylor \& Francis}
}

@book{Sarndal2003model,
  title={Model assisted survey sampling},
  author={S{\"a}rndal, Carl-Erik and Swensson, Bengt and Wretman, Jan},
  year={2003},
  publisher={Springer Science \& Business Media}
}

@article{StevensOlsen2003VarianceEstimation,
  title={Variance estimation for spatially balanced samples of environmental resources},
  author={Stevens Jr, Don L and Olsen, Anthony R},
  journal={Environmetrics},
  volume={14},
  number={6},
  pages={593--610},
  year={2003},
  publisher={Wiley Online Library}
}

@article{StevensOlsen2004GRTS,
  title={Spatially balanced sampling of natural resources},
  author={Stevens Jr, Don L and Olsen, Anthony R},
  journal={Journal of the american Statistical association},
  volume={99},
  number={465},
  pages={262--278},
  year={2004}
}

@article{Cooper2006sampling,
  title={Sampling and variance estimation on continuous domains},
  author={Cooper, Cynthia},
  journal={Environmetrics: The official journal of the International Environmetrics Society},
  volume={17},
  number={6},
  pages={539--553},
  year={2006},
  publisher={Wiley Online Library}
}

@article{VerHoef2008spatial,
  title={Spatial methods for plot-based sampling of wildlife populations},
  author={Ver Hoef, Jay M},
  journal={Environmental and Ecological Statistics},
  volume={15},
  number={1},
  pages={3--13},
  year={2008},
  publisher={Springer}
}

@book{Lohr2009sampling,
  title={Sampling: design and analysis},
  author={Lohr, Sharon L},
  year={2009},
  publisher={Nelson Education}
}

@article{sterba2009alternative,
  title={Alternative model-based and design-based frameworks for inference from samples to populations: From polarization to integration},
  author={Sterba, Sonya K},
  journal={Multivariate behavioral research},
  volume={44},
  number={6},
  pages={711--740},
  year={2009},
  publisher={Taylor \& Francis}
}

@book{Cressie2015statistics,
  title={Statistics for spatial data},
  author={Cressie, Noel},
  year={2015},
  publisher={John Wiley \& Sons}
}

@book{Schabenberger2017statistical,
  title={Statistical methods for spatial data analysis},
  author={Schabenberger, Oliver and Gotway, Carol A},
  year={2017},
  publisher={CRC press}
}

@article{Brus2020statistical,
  title={Statistical approaches for spatial sample survey: Persistent misconceptions and new developments},
  author={Brus, Dick J},
  journal={European Journal of Soil Science},
  year={2020},
  publisher={Wiley Online Library}
}

@article{Chan2020bayesian,
  title={Bayesian inference for finite populations under spatial process settings},
  author={Chan-Golston, Alec M and Banerjee, Sudipto and Handcock, Mark S},
  journal={Environmetrics},
  volume={31},
  number={3},
  pages={e2606},
  year={2020},
  publisher={Wiley Online Library}
}

@article{Higham2020adjusting,
  title={Adjusting a finite population block kriging estimator for imperfect detection},
  author={Higham, Matt and Ver Hoef, Jay and Madsen, Lisa and Aderman, Andy},
  journal={Environmetrics},
  pages={e2654},
  year={2020},
  publisher={Wiley Online Library}
}

@book{ChilesEtAl1999GeostatisticsModelingSpatial,
  address = {New York},
  title = {Geostatistics: {{Modeling Spatial Uncertainty}}},
  isbn = {0-471-08315-1},
  publisher = {{John Wiley \& Sons}},
  author = {Chiles, Jean-Paul and Delfiner, Pierre},
  year = {1999}
}

@Manual{sptotal2020, title = {sptotal: Predicting Totals and Weighted Sums from Spatial Data},
    author = {Higham Matt and Ver Hoef Jay and Frank Bryce},
    year = {2020},
    note = {R package version 0.2.0},
    url = {https://highamm.github.io/sptotal/index.html},
}
