@article{akaike1974new,
  title={A New Look at the Statistical Model Identification},
  author={Akaike, Hirotugu},
  journal={IEEE Transactions on Automatic Control},
  volume={19},
  number={6},
  pages={716--723},
  year={1974},
  publisher={Ieee}
}

@article{barabesi2011sampling,
  title={Sampling Properties of Spatial Total Estimators Under Tessellation stratified designs},
  author={Barabesi, L and Franceschi, S},
  journal={Environmetrics},
  volume={22},
  number={3},
  pages={271--278},
  year={2011},
  publisher={Wiley Online Library}
}

@article{benedetti2017spatially,
  title={A Spatially Balanced Design with Probability Function Proportional to the Within Sample Distance},
  author={Benedetti, Roberto and Piersimoni, Federica},
  journal={Biometrical Journal},
  volume={59},
  number={5},
  pages={1067--1084},
  year={2017},
  publisher={Wiley Online Library}
}

@article{benedetti2017spatiallyreview,
  title={Spatially Balanced Sampling: A Review and a Reappraisal},
  author={Benedetti, Roberto and Piersimoni, Federica and Postiglione, Paolo},
  journal={International Statistical Review},
  volume={85},
  number={3},
  pages={439--454},
  year={2017},
  publisher={Wiley Online Library}
}

@article{bolker2009generalized,
  title={Generalized linear mixed models: a practical guide for ecology and evolution},
  author={Bolker, Benjamin M and Brooks, Mollie E and Clark, Connie J and Geange, Shane W and Poulsen, John R and Stevens, M Henry H and White, Jada-Simone S},
  journal={Trends in ecology \& evolution},
  volume={24},
  number={3},
  pages={127--135},
  year={2009},
  publisher={Elsevier}
}

@article{breiman2001random,
  title={Random Forests},
  author={Breiman, Leo},
  journal={Machine Learning},
  volume={45},
  number={1},
  pages={5--32},
  year={2001},
  publisher={Springer}
}

@article{brus1993design,
  title={Design-based versus model-based estimates of spatial means: theory and application in environmental soil science},
  author={Brus, Dick J and DeGruijter, Jaap J},
  journal={Environmetrics},
  volume={4},
  number={2},
  pages={123--152},
  year={1993},
  publisher={Wiley Online Library}
}

@article{brus1997random,
  title={Random Sampling or Geostatistical Modelling? Choosing Between Design-Based and Model-Dased Sampling Strategies for Soil (with Discussion)},
  author={Brus, DJ and De Gruijter, JJ},
  journal={Geoderma},
  volume={80},
  number={1-2},
  pages={1--44},
  year={1997},
  publisher={Elsevier}
}

@article{brus2021statistical,
  title={Statistical Approaches for Spatial Sample Survey: Persistent Misconceptions and New Developments},
  author={Brus, Dick J},
  journal={European Journal of Soil Science},
  volume={72},
  number={2},
  pages={686--703},
  year={2021},
  publisher={Wiley Online Library}
}

@article{chan2020bayesian,
  title={Bayesian Inference for Finite Populations Under Spatial Process Settings},
  author={Chan-Golston, Alec M and Banerjee, Sudipto and Handcock, Mark S},
  journal={Environmetrics},
  volume={31},
  number={3},
  pages={e2606},
  year={2020},
  publisher={Wiley Online Library}
}

@book{chiles1999geostatistics,
  address = {New York},
  title = {Geostatistics: {{Modeling Spatial Uncertainty}}},
  isbn = {0-471-08315-1},
  publisher = {{John Wiley \& Sons}},
  author = {Chiles, Jean-Paul and Delfiner, Pierre},
  year = {1999}
}

@article{cicchitelli2012model,
  title={Model-Assisted Estimation of a Spatial Population Mean},
  author={Cicchitelli, Giuseppe and Montanari, Giorgio E},
  journal={International Statistical Review},
  volume={80},
  number={1},
  pages={111--126},
  year={2012},
  publisher={Wiley Online Library}
}

@article{cooper2006sampling,
  title={Sampling and Variance Estimation on Continuous Domains},
  author={Cooper, Cynthia},
  journal={Environmetrics},
  volume={17},
  number={6},
  pages={539--553},
  year={2006},
  publisher={Wiley Online Library}
}

@article{cordy1993extension,
  title={An Extension of the Horvitzâ€”Thompson Theorem to Point Sampling From a Continuous Universe},
  author={Cordy, Clifford B},
  journal={Statistics \& Probability Letters},
  volume={18},
  number={5},
  pages={353--362},
  year={1993},
  publisher={Elsevier}
}

@book{cressie1993statistics,
  title={Statistics for Spatial Data},
  author={Cressie, Noel},
  year={1993},
  publisher={John Wiley \& Sons}
}

@article{de1990model,
  title={Model-Free Estimation from Spatial Samples: A Reappraisal of Classical Sampling Theory},
  author={De Gruijter, JJ and Ter Braak, CJF},
  journal={Mathematical Geology},
  volume={22},
  number={4},
  pages={407--415},
  year={1990},
  publisher={Springer}
}

@article{diggle2010geostatistical,
  title={Geostatistical Inference Under Preferential Sampling},
  author={Diggle, Peter J and Menezes, Raquel and Su, Ting-li},
  journal={Journal of the Royal Statistical Society: Series C (Applied Statistics)},
  volume={59},
  number={2},
  pages={191--232},
  year={2010},
  publisher={Wiley Online Library}
}

@Manual{dumelle2022spsurvey,
  title = {spsurvey: Spatial Sampling Design and Analysis},
  author = {Michael Dumelle and Thomas M. Kincaid and Anthony R. Olsen and Marc H. Weber},
  year = {2022},
  note = {R package Version 5.3.0},
}

@article{fix1989discriminatory,
  title={Discriminatory Analysis. Nonparametric Discrimination: Consistency Properties},
  author={Fix, Evelyn and Hodges, Joseph Lawson},
  journal={International Statistical Review/Revue Internationale de Statistique},
  volume={57},
  number={3},
  pages={238--247},
  year={1989},
  publisher={JSTOR}
}

@article{foster2017spatially,
  title={Spatially Balanced Designs that Incorporate Legacy Sites},
  author={Foster, Scott D and Hosack, Geoffrey R and Lawrence, Emma and Przeslawski, Rachel and Hedge, Paul and Caley, M Julian and Barrett, Neville S and Williams, Alan and Li, Jin and Lynch, Tim and others},
  journal={Methods in Ecology and Evolution},
  volume={8},
  number={11},
  pages={1433--1442},
  year={2017},
  publisher={Wiley Online Library}
}

@article{grafstrom2012spatially,
  title={Spatially Balanced Sampling through the Pivotal Method},
  author={Grafstr{\"o}m, Anton and Lundstr{\"o}m, Niklas LP and Schelin, Lina},
  journal={Biometrics},
  volume={68},
  number={2},
  pages={514--520},
  year={2012},
  publisher={Wiley Online Library}
}

@article{grafstrom2012spatiallypoisson,
  title={Spatially Correlated Poisson Sampling},
  author={Grafstr{\"o}m, Anton},
  journal={Journal of Statistical Planning and Inference},
  volume={142},
  number={1},
  pages={139--147},
  year={2012},
  publisher={Elsevier}
}

@article{grafstrom2013well,
  title={Why Well Spread Probability Samples are Balanced},
  author={Grafstr{\"o}m, Anton and Lundstr{\"o}m, Niklas LP},
  journal={Open Journal of Statistics},
  volume={3},
  number={1},
  pages={36--41},
  year={2013},
  publisher={Scientific Research Publishing}
}

@article{grafstrom2018spatially,
  title={Spatially Balanced Sampling of Continuous Populations},
  author={Grafstr{\"o}m, Anton and Matei, Alina},
  journal={Scandinavian Journal of Statistics},
  volume={45},
  number={3},
  pages={792--805},
  year={2018},
  publisher={Wiley Online Library}
}

@article{hansen1983evaluation,
  title={An Evaluation of Model-Dependent and Probability-Sampling Inferences in Sample Surveys},
  author={Hansen, Morris H and Madow, William G and Tepping, Benjamin J},
  journal={Journal of the American Statistical Association},
  volume={78},
  number={384},
  pages={776--793},
  year={1983},
  publisher={Taylor \& Francis Group}
}

@article{harville1977maximum,
  title={Maximum Likelihood Approaches to Variance Component Estimation and to Related Problems},
  author={Harville, David A},
  journal={Journal of the American Statistical Association},
  volume={72},
  number={358},
  pages={320--338},
  year={1977},
  publisher={Taylor \& Francis}
}

@article{higham2020adjusting,
  title={Adjusting a Finite Population Block Kriging Estimator for Imperfect Detection},
  author={Higham, Matt and Ver Hoef, Jay and Madsen, Lisa and Aderman, Andy},
  journal={Environmetrics},
  pages={e2654},
  year={2020},
  publisher={Wiley Online Library}
}

@Manual{higham2021sptotal,
  title = {sptotal: Predicting Totals and Weighted Sums from Spatial Data},
  author = {Higham, Matt and Ver Hoef, Jay and Frank, Bryce and Dumelle, Michael},
  year = {2021},
  note = {R package Version 1.0.0},
  url = {https://CRAN.R-project.org/package=sptotal},
}

@article{horvitz1952generalization,
  title={A Generalization of Sampling Without Replacement from a Finite Universe},
  author={Horvitz, Daniel G and Thompson, Donovan J},
  journal={Journal of the American Statistical Association},
  volume={47},
  number={260},
  pages={663--685},
  year={1952},
  publisher={Taylor \& Francis Group}
}

@book{lohr2009sampling,
  title={Sampling: Design and Analysis},
  author={Lohr, Sharon L},
  year={2009},
  publisher={Nelson Education}
}

@article{patterson1971recovery,
  title={Recovery of Inter-Block Information when Block Sizes are Unequal},
  author={Patterson, H Desmond and Thompson, Robin},
  journal={Biometrika},
  volume={58},
  number={3},
  pages={545--554},
  year={1971},
  publisher={Oxford University Press}
}

@article{robertson2013bas,
  title={BAS: Balanced Acceptance Sampling of Natural Resources},
  author={Robertson, BL and Brown, JA and McDonald, Trent and Jaksons, Peter},
  journal={Biometrics},
  volume={69},
  number={3},
  pages={776--784},
  year={2013},
  publisher={Wiley Online Library}
}

@article{robertson2018halton,
  title={Halton Iterative Partitioning: Spatially Balanced Sampling via Partitioning},
  author={Robertson, Blair and McDonald, Trent and Price, Chris and Brown, Jennifer},
  journal={Environmental and Ecological Statistics},
  volume={25},
  number={3},
  pages={305--323},
  year={2018},
  publisher={Springer}
}

@book{sarndal2003model,
  title={Model Assisted Survey Sampling},
  author={S{\"a}rndal, Carl-Erik and Swensson, Bengt and Wretman, Jan},
  year={2003},
  publisher={Springer Science \& Business Media}
}

@book{schabenberger2017statistical,
  title={Statistical Methods for Spatial Data Analysis},
  author={Schabenberger, Oliver and Gotway, Carol A},
  year={2017},
  publisher={CRC press}
}

@article{sen1953estimate,
  title={On the Estimate of the Variance in Sampling with Varying Probabilities},
  author={Sen, Amode R},
  journal={Journal of the Indian Society of Agricultural Statistics},
  volume={5},
  number={1194},
  pages={127},
  year={1953}
}

@article{sterba2009alternative,
  title={Alternative Model-Based and Design-Based Frameworks for Inference from Samples to Populations: From Polarization to Integration},
  author={Sterba, Sonya K},
  journal={Multivariate Behavioral Research},
  volume={44},
  number={6},
  pages={711--740},
  year={2009},
  publisher={Taylor \& Francis}
}

@article{stevens2003variance,
  title={Variance Estimation for Spatially Balanced Samples of Environmental Resources},
  author={Stevens, Don L and Olsen, Anthony R},
  journal={Environmetrics},
  volume={14},
  number={6},
  pages={593--610},
  year={2003},
  publisher={Wiley Online Library}
}

@article{stevens2004spatially,
  title={Spatially Balanced Sampling of Natural Resources},
  author={Stevens, Don L and Olsen, Anthony R},
  journal={Journal of the American Statistical Association},
  volume={99},
  number={465},
  pages={262--278},
  year={2004}
}

@article{USEPA2012NLA,
  title = {National Lakes Assessment 2012},
  author = {USEPA},
  year = {2012},
  journal = {https://www.epa.gov/national-aquatic-resource-surveys/national-results-and-regional-highlights-national-lakes-assessment}
}

@article{verhoef2002sampling,
  title={Sampling and Geostatistics for Spatial Data},
  author={Ver Hoef, Jay},
  journal={Ecoscience},
  volume={9},
  number={2},
  pages={152--161},
  year={2002},
  publisher={Taylor \& Francis}
}

@article{ver2013comparison,
  title={A Comparison of the Spatial Linear Model to Nearest Neighbor (k-NN) Methods for Forestry Applications},
  author={Ver Hoef, Jay M and Temesgen, Hailemariam},
  journal={PlOS ONE},
  volume={8},
  number={3},
  pages={e59129},
  year={2013},
  publisher={Public Library of Science}
}

@article{verhoef2008spatial,
  title={Spatial Methods for Plot-Based Sampling of Wildlife Populations},
  author={Ver Hoef, Jay M},
  journal={Environmental and Ecological Statistics},
  volume={15},
  number={1},
  pages={3--13},
  year={2008},
  publisher={Springer}
}

@article{wang2012review,
  title={A Review of Spatial Sampling},
  author={Wang, Jin-Feng and Stein, A and Gao, Bin-Bo and Ge, Yong},
  journal={Spatial Statistics},
  volume={2},
  pages={1--14},
  year={2012},
  publisher={Elsevier}
}

@article{wang2013design,
  title={Design-Based Spatial Sampling: Theory and Implementation},
  author={Wang, Jin-Feng and Jiang, Cheng-Sheng and Hu, Mao-Gui and Cao, Zhi-Dong and Guo, Yan-Sha and Li, Lian-Fa and Liu, Tie-Jun and Meng, Bin},
  journal={Environmental Modelling \& Software},
  volume={40},
  pages={280--288},
  year={2013},
  publisher={Elsevier}
}

@article{wolfinger1994computing,
  title={Computing Gaussian Likelihoods and their Derivatives for General Linear Mixed Models},
  author={Wolfinger, Russ and Tobias, Randy and Sall, John},
  journal={SIAM Journal on Scientific Computing},
  volume={15},
  number={6},
  pages={1294--1310},
  year={1994},
  publisher={SIAM}
}
